@book{horn2012matrix,
  title={Matrix Analysis},
  author={Horn, Roger A and Johnson, Charles R},
  year={2012},
  publisher={Cambridge University Press}
}

@article{wigner1958distribution,
  title={On the distribution of the roots of certain symmetric matrices},
  author={Wigner, Eugene P},
  journal={Annals of Mathematics},
  pages={325--327},
  year={1958},
  publisher={JSTOR}
}

@article{ginibre1965statistical,
  title={Statistical ensembles of complex, quaternion, and real matrices},
  author={Ginibre, Jean},
  journal={Journal of Mathematical Physics},
  volume={6},
  number={3},
  pages={440--449},
  year={1965},
  publisher={AIP}
}

@book{tao2012topics,
  title={Topics in random matrix theory},
  author={Tao, Terence},
  volume={132},
  year={2012},
  publisher={American Mathematical Society Providence, RI}
}

@article{bai1988necessary,
  title={Necessary and sufficient conditions for almost sure convergence of the largest eigenvalue of a Wigner matrix},
  author={Bai, Zhi-Dong and Yin, Yong-Qua and others},
  journal={The Annals of Probability},
  volume={16},
  number={4},
  pages={1729--1741},
  year={1988},
  publisher={Institute of Mathematical Statistics}
}

@book{mehta2004random,
  title={Random matrices},
  author={Mehta, Madan Lal},
  volume={142},
  year={2004},
  publisher={Academic press}
}
@article{tracy1996orthogonal,
  title={On orthogonal and symplectic matrix ensembles},
  author={Tracy, Craig A and Widom, Harold},
  journal={Communications in Mathematical Physics},
  volume={177},
  number={3},
  pages={727--754},
  year={1996},
  publisher={Springer}
}

@book{bai2010spectral,
  title={Spectral analysis of large dimensional random matrices},
  author={Bai, Zhidong and Silverstein, Jack W},
  volume={20},
  year={2010},
  publisher={Springer}
}

@article{shlyakhtenko2017random,
  title={RANDOM MATRICES AND FREE PROBABILITY},
  author={SHLYAKHTENKO, DIMITRI},
  year={2017}
}

@misc{anderson2010introduction,
  title={An introduction to random matrices, volume 118 of Cambridge Studies in Advanced Mathematics},
  author={Anderson, Greg W and Guionnet, Alice and Zeitouni, Ofer},
  year={2010},
  publisher={Cambridge University Press, Cambridge New York}
}

@misc{pielaszkiewicz2015closed,
  title={Closed Form of the Asymptotic Spectral Distribution of Random Matrices Using Free Independence},
  author={Pielaszkiewicz, Jolanta and Singull, Martin},
  year={2015},
  publisher={Link{\"o}ping University Electronic Press}
}

@book{nica2006lectures,
  title={Lectures on the combinatorics of free probability},
  author={Nica, Alexandru and Speicher, Roland},
  volume={13},
  year={2006},
  publisher={Cambridge University Press}
}

@book{akemann2011oxford,
  title={The Oxford handbook of random matrix theory},
  author={Akemann, Gernot and Baik, Jinho and Di Francesco, Philippe},
  year={2011},
  publisher={Oxford University Press}
}

@misc{mitchener2005non,
  title={Non-Commutative Probability Theory},
  author={Mitchener, Paul D},
  year={2005}
}

@book{voiculescu1992free,
  title={Free random variables},
  author={Voiculescu, Dan V and Dykema, Ken J and Nica, Alexandru},
  number={1},
  year={1992},
  publisher={American Mathematical Soc.}
}

@article{mingo2010free,
  title={Free probability and Random matrices},
  author={Mingo, J and Speicher, Roland},
  journal={Personal communication},
  year={2010}
}